<?xml version="1.0" encoding="UTF-8"?><record xmlns="http://www.loc.gov/MARC21/slim" xmlns:cinclude="http://apache.org/cocoon/include/1.0" xmlns:zs="http://www.loc.gov/zing/srw/">
  <leader>00513cz  a2200145n  4500</leader>
  <controlfield tag="001">n 2008021897</controlfield>
  <controlfield tag="003">DLC</controlfield>
  <controlfield tag="005">20080327075045.0</controlfield>
  <controlfield tag="008">080326n| acannaabn          |a ana      </controlfield>
  <datafield tag="010" ind1=" " ind2=" ">
    <subfield code="a">n 2008021897</subfield>
  </datafield>
  <datafield tag="040" ind1=" " ind2=" ">
    <subfield code="a">DLC</subfield>
    <subfield code="b">eng</subfield>
    <subfield code="c">DLC</subfield>
  </datafield>
  <datafield tag="130" ind1=" " ind2="0">
    <subfield code="a">Rules of attraction (Motion picture)</subfield>
  </datafield>
  <datafield tag="430" ind1=" " ind2="0">
    <subfield code="a">Regeln des Spiels (Motion picture)</subfield>
  </datafield>
  <datafield tag="670" ind1=" " ind2=" ">
    <subfield code="a">Tomandandy (Musical group). The rules of attraction, p2002</subfield>
  </datafield>
  <datafield tag="670" ind1=" " ind2=" ">
    <subfield code="a">Internet Movie Database, Mar. 26, 2008:</subfield>
    <subfield code="b">(The rules of attraction (2002) also known as Die Regeln des Spiels)</subfield>
  </datafield>
</record>